@book{CLRS_2009,
 author = {Cormen, Thomas H. and Leiserson, Charles E. and Rivest, Ronald L. and Stein, Clifford},
 title = {Introduction to Algorithms, Third Edition},
 year = {2009},
 isbn = {0262033844, 9780262033848},
 edition = {3rd},
 publisher = {The MIT Press},
 address = {Cambridge, MA}
} 

@ARTICLE{Davi_2012_48,
  author = {Andrew P. Davison},
  title = {Automated capture of experiment context for easier reproducibility
	in computational research},
  journal = {Computing in Science and Engineering},
  year = {2012},
  volume = {14},
  pages = {48-56},
  doi = {10.1109/MCSE.2012.41},
}
